@inproceedings{div2k_ds,
    title     = {{NTIRE 2017 Challenge on Single Image Super-Resolution: Dataset and Study}},
    author    = {Agustsson, Eirikur and Timofte, Radu},
    year      = 2017,
    booktitle = {2017 IEEE Conference on Computer Vision and Pattern Recognition Workshops (CVPRW)},
    pages     = {1122--1131},
    url       = {https://doi.org/10.1109/CVPRW.2017.150}
}

@inproceedings{div2k_mr,
    title     = {{NTIRE 2017 Challenge on Single Image Super-Resolution: Methods and Results}},
    author    = {Timofte, Radu and Agustsson, Eirikur and Gool, Luc Van and Yang, Ming-Hsuan and Zhang, Lei and Lim, Bee and Son, Sanghyun and Kim, Heewon and Nah, Seungjun and Lee, Kyoung Mu and Wang, Xintao and Tian, Yapeng and Yu, Ke and Zhang, Yulun and Wu, Shixiang and Dong, Chao and Lin, Liang and Qiao, Yu and Loy, Chen Change and Bae, Woong and Yoo, Jaejun and Han, Yoseob and Ye, Jong Chul and Choi, Jae-Seok and Kim, Munchurl and Fan, Yuchen and Yu, Jiahui and Han, Wei and Liu, Ding and Yu, Haichao and Wang, Zhangyang and Shi, Honghui and Wang, Xinchao and Huang, Thomas S. and Chen, Yunjin and Zhang, Kai and Zuo, Wangmeng and Tang, Zhimin and Luo, Linkai and Li, Shaohui and Fu, Min and Cao, Lei and Heng, Wen and Bui, Giang and Le, Truc and Duan, Ye and Tao, Dacheng and Wang, Ruxin and Lin, Xu and Pang, Jianxin and Xu, Jinchang and Zhao, Yu and Xu, Xiangyu and Pan, Jinshan and Sun, Deqing and Zhang, Yujin and Song, Xibin and Dai, Yuchao and Qin, Xueying and Huynh, Xuan-Phung and Guo, Tiantong and Mousavi, Hojjat Seyed and Vu, Tiep Huu and Monga, Vishal and Cruz, Cristovao and Egiazarian, Karen and Katkovnik, Vladimir and Mehta, Rakesh and Jain, Arnav Kumar and Agarwalla, Abhinav and Praveen, Ch V. Sai and Zhou, Ruofan and Wen, Hongdiao and Zhu, Che and Xia, Zhiqiang and Wang, Zhengtao and Guo, Qi},
    year      = 2017,
    booktitle = {2017 IEEE Conference on Computer Vision and Pattern Recognition Workshops (CVPRW)},
    pages     = {1110--1121},
    url       = {https://doi.org/10.1109/CVPRW.2017.149}
}

@misc{gatys,
    title     = {{A Neural Algorithm of Artistic Style}},
    author    = {Gatys, Leon A. and Ecker, Alexander S. and Bethge, Matthias},
    year      = 2015,
    url       = {https://doi.org/10.48550/arXiv.1508.06576}
}

@misc{image-net,
    title     = {{ImageNet Large Scale Visual Recognition Challenge}},
    author    = {Russakovsky, Olga and Deng, Jia and Su, Hao and Krause, Jonathan and Satheesh, Sanjeev and Ma, Sean and Huang, Zhiheng and Karpathy, Andrej and Khosla, Aditya and Bernstein, Michael and Berg, Alexander C. and Fei-Fei, Li},
    year      = 2014,
    url       = {https://doi.org/10.48550/arXiv.1409.0575}
}

@misc{image-transform-network,
    title     = {{Unsupervised Representation Learning with Deep Convolutional Generative Adversarial Networks}},
    author    = {Radford, Alec and Metz, Luke and Chintala, Soumith},
    year      = {2015},
    url       = {https://doi.org/10.48550/arXiv.1511.06434}
}

@misc{mscoco,
    title     = {{Microsoft COCO: Common Objects in Context}},
    author    = {Lin, Tsung-Yi and Maire, Michael and Belongie, Serge and Bourdev, Lubomir and Girshick, Ross and Hays, James and Perona, Pietro and Ramanan, Deva and Zitnick, C. Lawrence and Doll\'{a}r, Piotr},
    year      = 2014,
    url       = {https://doi.org/10.48550/arXiv.1405.0312}
}

@misc{sr,
    title     = {{Perceptual Losses for Real-Time Style Transfer and Super-Resolution}},
    author    = {Johnson, Justin and Alahi, Alexandre and Fei-Fei, Li},
    year      = 2016,
    url       = {https://doi.org/10.48550/arXiv.1603.08155}
}

@misc{vgg,
    title     = {{Very Deep Convolutional Networks for Large-Scale Image Recognition}},
    author    = {Simonyan, Karen and Zisserman, Andrew},
    year      = 2014,
    url       = {https://doi.org/10.48550/arXiv.1409.1556}
}

@misc{residual,
    title     = {{Deep Residual Learning for Image Recognition}},
    author    = {He, Kaiming and Zhang, Xiangyu and Ren, Shaoqing and Sun, Jian},
    year      = 2015,
    url       = {https://doi.org/10.48550/arXiv.1512.03385}
}
