@misc{https://doi.org/10.48550/arxiv.1603.08155,
    doi = {10.48550/ARXIV.1603.08155},
    
    url = {https://arxiv.org/abs/1603.08155},
    
    author = {Johnson, Justin and Alahi, Alexandre and Fei-Fei, Li},
    
    keywords = {Computer Vision and Pattern Recognition (cs.CV), Machine Learning (cs.LG), FOS: Computer and information sciences, FOS: Computer and information sciences},
    
    title = {Perceptual Losses for Real-Time Style Transfer and Super-Resolution},
    
    publisher = {arXiv},
    
    year = {2016},
    
    copyright = {arXiv.org perpetual, non-exclusive license}
}

@article{mscoco,
  author    = {Tsung{-}Yi Lin and
               Michael Maire and
               Serge J. Belongie and
               Lubomir D. Bourdev and
               Ross B. Girshick and
               James Hays and
               Pietro Perona and
               Deva Ramanan and
               Piotr Doll{\'{a}}r and
               C. Lawrence Zitnick},
  title     = {Microsoft {COCO:} Common Objects in Context},
  journal   = {CoRR},
  volume    = {abs/1405.0312},
  year      = {2014},
  url       = {http://arxiv.org/abs/1405.0312},
  eprinttype = {arXiv},
  eprint    = {1405.0312},
  timestamp = {Mon, 13 Aug 2018 16:48:13 +0200},
  biburl    = {https://dblp.org/rec/journals/corr/LinMBHPRDZ14.bib},
  bibsource = {dblp computer science bibliography, https://dblp.org}
}

@InProceedings{div2k_ds,
	author = {Agustsson, Eirikur and Timofte, Radu},
	title = {NTIRE 2017 Challenge on Single Image Super-Resolution: Dataset and Study},
	booktitle = {The IEEE Conference on Computer Vision and Pattern Recognition (CVPR) Workshops},
	month = {July},
	year = {2017}
} 

@InProceedings{div2k_mr,
    author = {Timofte, Radu and Agustsson, Eirikur and Van Gool, Luc and Yang, Ming-Hsuan and Zhang, Lei and Lim, Bee and others},
    title = {NTIRE 2017 Challenge on Single Image Super-Resolution: Methods and Results},
    booktitle = {The IEEE Conference on Computer Vision and Pattern Recognition (CVPR) Workshops},
    month = {July},
    year = {2017}
}

@article{gatys,
  author    = {Leon A. Gatys and
               Alexander S. Ecker and
               Matthias Bethge},
  title     = {A Neural Algorithm of Artistic Style},
  journal   = {CoRR},
  volume    = {abs/1508.06576},
  year      = {2015},
  url       = {http://arxiv.org/abs/1508.06576},
  eprinttype = {arXiv},
  eprint    = {1508.06576},
  timestamp = {Thu, 14 Oct 2021 09:16:23 +0200},
  biburl    = {https://dblp.org/rec/journals/corr/GatysEB15a.bib},
  bibsource = {dblp computer science bibliography, https://dblp.org}
}

@article{vgg,
    author = {Simonyan, Karen and Zisserman, Andrew},
    year = {2014},
    month = {09},
    title = {Very Deep Convolutional Networks for Large-Scale Image Recognition},
    journal = {arXiv 1409.1556}
}

@article{image-net,
  author    = {Olga Russakovsky and
               Jia Deng and
               Hao Su and
               Jonathan Krause and
               Sanjeev Satheesh and
               Sean Ma and
               Zhiheng Huang and
               Andrej Karpathy and
               Aditya Khosla and
               Michael S. Bernstein and
               Alexander C. Berg and
               Li Fei{-}Fei},
  title     = {ImageNet Large Scale Visual Recognition Challenge},
  journal   = {CoRR},
  volume    = {abs/1409.0575},
  year      = {2014},
  url       = {http://arxiv.org/abs/1409.0575},
  eprinttype = {arXiv},
  eprint    = {1409.0575},
  timestamp = {Wed, 15 Sep 2021 14:13:01 +0200},
  biburl    = {https://dblp.org/rec/journals/corr/RussakovskyDSKSMHKKBBF14.bib},
  bibsource = {dblp computer science bibliography, https://dblp.org}
}